@article{extra3,
author={H.~Ahmed, U.~Bekbaev, and I.~Rakhimov.},
title={On classification of $2$-dimensional evolution algebras and its
  applications.},
journal={5th International Conference on Mathematical Applications in
  Engineering 30-31 October 2019, Putrajaya, Malaysia},
}
@article{extra1,
author={A.~Alarafeen, I.~Qaralleh, and A.~Ahmad.},
title={Properties of nilpotent evolution algebras with no maximal nilindex.},
journal={ European Journal of Pure and Applied Mathematics
  14(1):278--300, 2021.},
}

@article{Tesis-Yolanda,
author={Y.~Cabrera~Casado.},
title={{\em Evolution algebras},.
PhD thesis, University of M{\'a}laga, Spain, dec 2016.},
}
@article{Cabrera-Siles-Velasco,
author={Y.~Cabrera~Casado, M.~Siles~Molina, and M.~V. Velasco.},
title={
Evolution algebras of arbitrary dimension and their decompositions.},
journal={
{\em Linear Algebra Appl.}, 495:122--162, 2016.},
}
@article{CLTV,
author={C.~Costoya, P.~Ligouras, A.~Tocino, and A.~Viruel.},
title={
Regular evolution algebras are universally finite.},
journal={
{\em Proc. Am. Math. Soc.}, 150(3):919--925, 2022.},
}
@article{cmv3,
author={C.~Costoya, D.~M{\'e}ndez, and A.~Viruel.},
title={
Realisability problem in arrow categories.},
journal={
{\em Collectanea Mathematica}, Sep 2019.},
}
@article{Elduque-Labra-2015,
author={A.~Elduque and A.~Labra.},
title={
Evolution algebras and graphs.},
journal={
{\em J. Algebra Appl.}, 14(7):1550103, 10, 2015.},
}
@article{Elduque-Labra-2019,
author={A.~Elduque and A.~Labra.},
title={
Evolution algebras, automorphisms, and graphs.},
journal={
{\em Linear and Multilinear Algebra}, 69(2):1--12, 2019.},
}
@article{PopovAnnals,
author={N.~L. Gordeev and V.~L. Popov.},
title={
Automorphism groups of finite dimensional simple algebras.},
journal={
{\em Annals of Mathematics}, 158:1041--1065, 2003.},
}
@article{harary,
author={F.~Harary.},
title={
The determinant of the adjacency matrix of a graph.},
journal={
{\em Siam Review}, 4(3):202--210, 1962.},
}
@article{Hert,
author={M.~Hertweck.},
title={
A counterexample to the isomorphism problem for integral group rings.},
journal={
{\em Ann. of Math. (2)}, 154(1):115--138, 2001.},
}
@article{extra2,
author={F.~Mukhamedov, O.~Khakimov, B.~Omirov, and I.~Qaralleh.},
title={
Derivations and automorphisms of nilpotent evolution algebras with
  maximal nilindex.},
journal={
{\em Journal of Algebra and Its Applications}, 18(12):1950233, 2019.},
}
@article{Popov,
author={V.~L. Popov.},
title={
An analogue of {M}. {A}rtin's conjecture on invariants for
  non-associative algebras.
{\em Amer. Math. Soc. Transl.}, 169:121--143, 1995.},
}
@article{Sandling,
author={R.~Sandling.},
title={
The isomorphism problem for group rings: A survey.},
journal={
In I.~Reiner and K.~W. Roggenkamp, editors, {\em Orders and their
  Applications}, pages 256--288. Springer, Berlin, 1985.},
}
@article{chinos,
author={S.~Sriwongsa and Y.~M. Zou.},
title={
On automorphism groups of idempotent evolution algebras.},
journal={
{\em Linear Algebra and its Applications}, 641:143--155, 2022.
},
}
@article{Tian,
author={J.~P. Tian},
title={Evolution algebras and their applications, volume 1921 of
  Lecture Notes in Mathematics},
publisher={Springer, Berlin, 2008},
}
@book{CayleyGraph,
author={A.~T. White},
title={Graphs, groups and surfaces, volume~8 of {\em North-Holland
  Mathematics Studies}},
publisher={North-Holland Publishing Co., Amsterdam, second edition, 1984},
}
